@article{lin,
  title={Computer solutions of the traveling salesman problem},
  author={Lin, Shen},
  journal={Bell System Technical Journal},
  volume={44},
  number={10},
  pages={2245--2269},
  year={1965},
  publisher={Wiley Online Library}
}
@article{afb,
  title={Artificial Feeding Birds (AFB): a new metaheuristic inspired by the behavior of pigeons},
  author={Lamy, Jean-Baptiste},
  journal={Advances in nature-inspired computing and applications},
  pages={43--60},
  year={2019},
  publisher={Springer}
}
@inproceedings{3_opt,
  title={Learning 3-opt heuristics for traveling salesman problem via deep reinforcement learning},
  author={Sui, Jingyan and Ding, Shizhe and Liu, Ruizhi and Xu, Liming and Bu, Dongbo},
  booktitle={Asian Conference on Machine Learning},
  pages={1301--1316},
  year={2021},
  organization={PMLR}
}
